% -*- coding: utf-8 -*-
@article{albert2009boron,
  title={Boron: elementary challenge for experimenters and theoreticians},
  author={Albert, Barbara and Hillebrecht, Harald},
  journal={Angewandte Chemie International Edition},
  volume={48},
  number={46},
  pages={8640--8668},
  year={2009},
  publisher={Wiley Online Library}
}

@article{liu2013probing,
  title={Probing the synthesis of two-dimensional boron by first-principles computations},
  author={Liu, Yuanyue and Penev, Evgeni S and Yakobson, Boris I},
  journal={Angewandte Chemie International Edition},
  volume={52},
  number={11},
  pages={3156--3159},
  year={2013},
  publisher={Wiley Online Library}
}

@article{liu2013boron,
  title={From boron cluster to two-dimensional boron sheet on Cu(111) surface: growth mechanism and hole formation},
  author={Liu, Hongsheng and Gao, Junfeng and Zhao, Jijun},
  journal={Scientific reports},
  volume={3},
  number={1},
  pages={1--9},
  year={2013},
  publisher={Nature Publishing Group}
}

@article{zhang2015two,
  title={Two-dimensional boron monolayers mediated by metal substrates},
  author={Zhang, Zhuhua and Yang, Yang and Gao, Guoying and Yakobson, Boris I},
  journal={Angewandte Chemie},
  volume={127},
  number={44},
  pages={13214--13218},
  year={2015},
  publisher={Wiley Online Library}
}

@article{mannix2015synthesis,
  title={Synthesis of borophenes: Anisotropic, two-dimensional boron polymorphs},
  author={Mannix, Andrew J and Zhou, Xiang-Feng and Kiraly, Brian and Wood, Joshua D and Alducin, Diego and Myers, Benjamin D and Liu, Xiaolong and Fisher, Brandon L and Santiago, Ulises and Guest, Jeffrey R and others},
  journal={Science},
  volume={350},
  number={6267},
  pages={1513--1516},
  year={2015},
  publisher={American Association for the Advancement of Science}
}

@article{zhong2017metastable,
  title={Metastable phases of 2D boron sheets on Ag(111)},
  author={Zhong, Qing and Zhang, Jin and Cheng, Peng and Feng, Baojie and Li, Wenbin and Sheng, Shaoxiang and Li, Hui and Meng, Sheng and Chen, Lan and Wu, Kehui},
  journal={Journal of Physics: Condensed Matter},
  volume={29},
  number={9},
  pages={095002},
  year={2017},
  publisher={IOP Publishing}
}

@article{zhong2017synthesis,
  title={Synthesis of borophene nanoribbons on Ag(110) surface},
  author={Zhong, Qing and Kong, Longjuan and Gou, Jian and Li, Wenbin and Sheng, Shaoxiang and Yang, Shuo and Cheng, Peng and Li, Hui and Wu, Kehui and Chen, Lan},
  journal={Physical Review Materials},
  volume={1},
  number={2},
  pages={021001},
  year={2017},
  publisher={APS}
}

@article{li2018experimental,
  title={Experimental realization of honeycomb borophene},
  author={Li, Wenbin and Kong, Longjuan and Chen, Caiyun and Gou, Jian and Sheng, Shaoxiang and Zhang, Weifeng and Li, Hui and Chen, Lan and Cheng, Peng and Wu, Kehui},
  journal={Science Bulletin},
  volume={63},
  number={5},
  pages={282--286},
  year={2018},
  publisher={Elsevier}
}

@article{novoselov2005two,
  title={Two-dimensional gas of massless Dirac fermions in graphene},
  author={Novoselov, Kostya S and Geim, Andre K and Morozov, Sergei Vladimirovich and Jiang, Dingde and Katsnelson, Michail I and Grigorieva, IVa and Dubonos, SVb and Firsov, and AA},
  journal={nature},
  volume={438},
  number={7065},
  pages={197--200},
  year={2005},
  publisher={Nature Publishing Group}
}

@article{zhang2005experimental,
  title={Experimental observation of the quantum Hall effect and Berry's phase in graphene},
  author={Zhang, Yuanbo and Tan, Yan-Wen and Stormer, Horst L and Kim, Philip},
  journal={nature},
  volume={438},
  number={7065},
  pages={201--204},
  year={2005},
  publisher={Nature Publishing Group}
}

@article{ferrari2006raman,
  title={Raman spectrum of graphene and graphene layers},
  author={Ferrari, Andrea C and Meyer, JC and Scardaci, Vittorio and Casiraghi, Cinzia and Lazzeri, Michele and Mauri, Francesco and Piscanec, Stefano and Jiang, Dingde and Novoselov, KS and Roth, Siegmar and others},
  journal={Physical review letters},
  volume={97},
  number={18},
  pages={187401},
  year={2006},
  publisher={APS}
}

@article{yan2012first,
  title={First-principles study of the oxygen adsorption and dissociation on graphene and nitrogen doped graphene for Li-air batteries},
  author={Yan, HJ and Xu, B and Shi, SQ and Ouyang, CY},
  journal={Journal of Applied Physics},
  volume={112},
  number={10},
  pages={104316},
  year={2012},
  publisher={American Institute of Physics}
}

@article{lu2009tuning,
  title={Tuning the electronic structure of graphene by an organic molecule},
  author={Lu, YH and Chen, W and Feng, YP and He, PM},
  journal={The Journal of Physical Chemistry B},
  volume={113},
  number={1},
  pages={2--5},
  year={2009},
  publisher={ACS Publications}
}

@article{watanabe2004direct,
  title={Direct-bandgap properties and evidence for ultraviolet lasing of hexagonal boron nitride single crystal},
  author={Watanabe, Kenji and Taniguchi, Takashi and Kanda, Hisao},
  journal={Nature materials},
  volume={3},
  number={6},
  pages={404--409},
  year={2004},
  publisher={Nature Publishing Group}
}

@article{liu2014comparison,
  title={Comparison of the stability of free-standing silicene and hydrogenated silicene in oxygen: a first principles investigation},
  author={Liu, G and Lei, XL and Wu, MS and Xu, B and Ouyang, CY},
  journal={Journal of Physics: Condensed Matter},
  volume={26},
  number={35},
  pages={355007},
  year={2014},
  publisher={IOP Publishing}
}

@article{molle2018silicene,
  title={Silicene, silicene derivatives, and their device applications},
  author={Molle, Alessandro and Grazianetti, Carlo and Tao, Li and Taneja, Deepyanti and Alam, Md Hasibul and Akinwande, Deji},
  journal={Chemical Society Reviews},
  volume={47},
  number={16},
  pages={6370--6387},
  year={2018},
  publisher={Royal Society of Chemistry}
}

@article{li2018stable,
  title={Stable silicene in graphene/silicene Van der Waals heterostructures},
  author={Li, Geng and Zhang, Lizhi and Xu, Wenyan and Pan, Jinbo and Song, Shiru and Zhang, Yi and Zhou, Haitao and Wang, Yeliang and Bao, Lihong and Zhang, Yu-Yang and others},
  journal={Advanced Materials},
  volume={30},
  number={49},
  pages={1804650},
  year={2018},
  publisher={Wiley Online Library}
}

@article{liu2015multiple,
  title={Multiple Dirac points and hydrogenation-induced magnetism of germanene layer on Al(111) surface},
  author={Liu, G and Liu, SB and Xu, B and Ouyang, CY and Song, HY and Guan, S and Yang, Shengyuan A},
  journal={The journal of physical chemistry letters},
  volume={6},
  number={24},
  pages={4936--4942},
  year={2015},
  publisher={ACS Publications}
}

@article{hu2018strong,
  title={Strong interlayer coupling in phosphorene/graphene van der Waals heterostructure: A first-principles investigation},
  author={Hu, Xue-Rong and Zheng, Ji-Ming and Ren, Zhao-Yu},
  journal={Frontiers of Physics},
  volume={13},
  number={2},
  pages={1--8},
  year={2018},
  publisher={Springer}
}

@article{cai2014constructing,
  title={Constructing metallic nanoroads on a \ce{MoS_2} monolayer via hydrogenation},
  author={Cai, Yongqing and Bai, Zhaoqiang and Pan, Hui and Feng, Yuan Ping and Yakobson, Boris I and Zhang, Yong-Wei},
  journal={Nanoscale},
  volume={6},
  number={3},
  pages={1691--1697},
  year={2014},
  publisher={Royal Society of Chemistry}
}

@article{wang2012electronics,
  title={Electronics and optoelectronics of two-dimensional transition metal dichalcogenides},
  author={Wang, Qing Hua and Kalantar-Zadeh, Kourosh and Kis, Andras and Coleman, Jonathan N and Strano, Michael S},
  journal={Nature nanotechnology},
  volume={7},
  number={11},
  pages={699--712},
  year={2012},
  publisher={Nature Publishing Group}
}

@article{pei2015exciton,
  title={Exciton and trion dynamics in bilayer \ce{MoS_2}},
  author={Pei, Jiajie and Yang, Jiong and Xu, Renjing and Zeng, Yong-Hui and Myint, Ye Win and Zhang, Shuang and Zheng, Jin-Cheng and Qin, Qinghua and Wang, Xibin and Jiang, Wugui and others},
  journal={Small},
  volume={11},
  number={48},
  pages={6384--6390},
  year={2015},
  publisher={Wiley Online Library}
}

@article{zhang2015atomically,
  title={Atomically Thin Arsenene and Antimonene: Semimetal–Semiconductor and Indirect–Direct Band‐Gap Transitions},
  author={Zhang, Shengli and others},
  journal={Angewandte Chemie},
  volume={54},
  number={10},
  pages={3112--3115},
  year={2015},
  publisher={Wiley Online Library}
}

@article{penev2016can,
  title={Can two-dimensional boron superconduct?},
  author={Penev, Evgeni S and Kutana, Alex and Yakobson, Boris I},
  journal={Nano letters},
  volume={16},
  number={4},
  pages={2522--2526},
  year={2016},
  publisher={ACS Publications}
}

@article{xu2016nucleation,
  title={The nucleation and growth of borophene on the Ag(111) surface},
  author={Xu, Shaogang and Zhao, Yujun and Liao, Jihai and Yang, Xiaobao and Xu, Hu},
  journal={Nano Research},
  volume={9},
  number={9},
  pages={2616--2622},
  year={2016},
  publisher={Springer}
}

@article{lopez2016electronic,
  title={Electronic properties of 8-Pmmn borophene},
  author={Lopez-Bezanilla, Alejandro and Littlewood, Peter B},
  journal={Physical Review B},
  volume={93},
  number={24},
  pages={241405},
  year={2016},
  publisher={APS}
}

@article{peng2016electronic,
  title={The electronic, optical, and thermodynamic properties of borophene from first-principles calculations},
  author={Peng, Bo and Zhang, Hao and Shao, Hezhu and Xu, Yuanfeng and Zhang, Rongjun and Zhu, Heyuan},
  journal={Journal of Materials Chemistry C},
  volume={4},
  number={16},
  pages={3592--3598},
  year={2016},
  publisher={Royal Society of Chemistry}
}

@article{carrete2016physically,
  title={Physically founded phonon dispersions of few-layer materials and the case of borophene},
  author={Carrete, Jes{\'u}s and Li, Wu and Lindsay, Lucas and Broido, David A and Gallego, Luis J and Mingo, Natalio},
  journal={Materials Research Letters},
  volume={4},
  number={4},
  pages={204--211},
  year={2016},
  publisher={Taylor \& Francis}
}

@article{wang2016strain,
  title={Strain effects on borophene: ideal strength, negative Possion’s ratio and phonon instability},
  author={Wang, Haifeng and Li, Qingfang and Gao, Yan and Miao, F and Zhou, Xiang-Feng and Wan, XG},
  journal={New Journal of Physics},
  volume={18},
  number={7},
  pages={073016},
  year={2016},
  publisher={IOP Publishing}
}

@article{xiao2016enhanced,
  title={Enhanced superconductivity by strain and carrier-doping in borophene: A first principles prediction},
  author={Xiao, RC and Shao, DF and Lu, WJ and Lv, HY and Li, JY and Sun, YP},
  journal={Applied Physics Letters},
  volume={109},
  number={12},
  pages={122604},
  year={2016},
  publisher={AIP Publishing LLC}
}

@article{gao2017prediction,
  title={Prediction of phonon-mediated superconductivity in borophene},
  author={Gao, Miao and Li, Qi-Zhi and Yan, Xun-Wang and Wang, Jun},
  journal={Physical Review B},
  volume={95},
  number={2},
  pages={024505},
  year={2017},
  publisher={APS}
}

@article{liu2016stable,
  title={Stable and metallic borophene nanoribbons from first-principles calculations},
  author={Liu, Yunxia and Dong, Yao-Jun and Tang, Zeyuan and Wang, Xue-Feng and Wang, Lu and Hou, Tingjun and Lin, Haiping and Li, Youyong},
  journal={Journal of Materials Chemistry C},
  volume={4},
  number={26},
  pages={6380--6385},
  year={2016},
  publisher={Royal Society of Chemistry}
}

@article{yang2008ab,
  title={Ab initio prediction of stable boron sheets and boron nanotubes: structure, stability, and electronic properties},
  author={Yang, Xiaobao and Ding, Yi and Ni, Jun},
  journal={Physical Review B},
  volume={77},
  number={4},
  pages={041402},
  year={2008},
  publisher={APS}
}

@article{zabolotskiy2016strain,
  title={Strain-induced pseudomagnetic field in the Dirac semimetal borophene},
  author={Zabolotskiy, AD and Lozovik, Yu E},
  journal={Physical Review B},
  volume={94},
  number={16},
  pages={165403},
  year={2016},
  publisher={APS}
}

@article{yuan2015effect,
  title={Effect of grafted amine groups on in-plane tensile properties and high temperature structural stability of borophene nanoribbons},
  author={Yuan, Jianhui and Zhang, LW and Liew, KM},
  journal={RSC advances},
  volume={5},
  number={91},
  pages={74399--74407},
  year={2015},
  publisher={Royal Society of Chemistry}
}

@article{shu2016unveiling,
  title={Unveiling the atomic structure and electronic properties of atomically thin boron sheets on an Ag(111) surface},
  author={Shu, Haibo and Li, Feng and Liang, Pei and Chen, Xiaoshuang},
  journal={Nanoscale},
  volume={8},
  number={36},
  pages={16284--16291},
  year={2016},
  publisher={Royal Society of Chemistry}
}

@article{lherbier2016electronic,
  title={Electronic and optical properties of pristine and oxidized borophene},
  author={Lherbier, Aur{\'e}lien and Botello-M{\'e}ndez, Andr{\'e}s Rafael and Charlier, Jean-Christophe},
  journal={2D Materials},
  volume={3},
  number={4},
  pages={045006},
  year={2016},
  publisher={IOP Publishing}
}

@article{liu2018intermixing,
  title={Intermixing and periodic self-assembly of borophene line defects},
  author={Liu, Xiaolong and Zhang, Zhuhua and Wang, Luqing and Yakobson, Boris I and Hersam, Mark C},
  journal={Nature materials},
  volume={17},
  number={9},
  pages={783--788},
  year={2018},
  publisher={Nature Publishing Group}
}

@article{penev2012polymorphism,
  title={Polymorphism of two-dimensional boron},
  author={Penev, Evgeni S and Bhowmick, Somnath and Sadrzadeh, Arta and Yakobson, Boris I},
  journal={Nano letters},
  volume={12},
  number={5},
  pages={2441--2445},
  year={2012},
  publisher={ACS Publications}
}

@article{zhang2017elasticity,
  title={Elasticity, flexibility, and ideal strength of borophenes},
  author={Zhang, Zhuhua and Yang, Yang and Penev, Evgeni S and Yakobson, Boris I},
  journal={Advanced Functional Materials},
  volume={27},
  number={9},
  pages={1605059},
  year={2017},
  publisher={Wiley Online Library}
}

@article{zhao2016superconductivity,
  title={Superconductivity in two-dimensional boron allotropes},
  author={Zhao, Yinchang and Zeng, Shuming and Ni, Jun},
  journal={Physical Review B},
  volume={93},
  number={1},
  pages={014502},
  year={2016},
  publisher={APS}
}

@article{zhang2016polyphony,
  title={Polyphony in B flat},
  author={Zhang, Zhuhua and Penev, Evgeni S and Yakobson, Boris I},
  journal={Nature chemistry},
  volume={8},
  number={6},
  pages={525--527},
  year={2016},
  publisher={Nature Publishing Group}
}

@article{tsafack2016thermomechanical,
  title={Thermomechanical analysis of two-dimensional boron monolayers},
  author={Tsafack, Thierry and Yakobson, Boris I},
  journal={Physical Review B},
  volume={93},
  number={16},
  pages={165434},
  year={2016},
  publisher={APS}
}

@article{zhang2016substrate,
  title={Substrate-induced nanoscale undulations of borophene on silver},
  author={Zhang, Zhuhua and Mannix, Andrew J and Hu, Zhili and Kiraly, Brian and Guisinger, Nathan P and Hersam, Mark C and Yakobson, Boris I},
  journal={Nano letters},
  volume={16},
  number={10},
  pages={6622--6627},
  year={2016},
  publisher={ACS Publications}
}

@article{ma2016graphene,
  title={Graphene-like two-dimensional ionic boron with double dirac cones at ambient condition},
  author={Ma, Fengxian and Jiao, Yalong and Gao, Guoping and Gu, Yuantong and Bilic, Ante and Chen, Zhongfang and Du, Aijun},
  journal={Nano letters},
  volume={16},
  number={5},
  pages={3022--3028},
  year={2016},
  publisher={ACS Publications}
}

@article{feng2016experimental,
  title={Experimental realization of two-dimensional boron sheets},
  author={Feng, Baojie and Zhang, Jin and Zhong, Qing and Li, Wenbin and Li, Shuai and Li, Hui and Cheng, Peng and Meng, Sheng and Chen, Lan and Wu, Kehui},
  journal={Nature chemistry},
  volume={8},
  number={6},
  pages={563--568},
  year={2016},
  publisher={Nature Publishing Group}
}

@article{balog2010bandgap,
  title={Bandgap opening in graphene induced by patterned hydrogen adsorption},
  author={Balog, Richard and J{\o}rgensen, Bjarke and Nilsson, Louis and Andersen, Mie and Rienks, Emile and Bianchi, Marco and Fanetti, Mattia and L{\ae}gsgaard, Erik and Baraldi, Alessandro and Lizzit, Silvano and others},
  journal={Nature materials},
  volume={9},
  number={4},
  pages={315--319},
  year={2010},
  publisher={Nature Publishing Group}
}

@article{bhattacharya2011strain,
  title={Strain-induced band-gap deformation of H/F passivated graphene and h-BN sheet},
  author={Bhattacharya, A and Bhattacharya, S and Das, GP},
  journal={Physical Review B},
  volume={84},
  number={7},
  pages={075454},
  year={2011},
  publisher={APS}
}

@article{houssa2011electronic,
  title={Electronic properties of hydrogenated silicene and germanene},
  author={Houssa, Michel and Scalise, Emilio and Sankaran, Kiroubanand and Pourtois, Geoffrey and Afanas’ Ev, VV and Stesmans, Andre},
  journal={Applied Physics Letters},
  volume={98},
  number={22},
  pages={223107},
  year={2011},
  publisher={American Institute of Physics}
}

@article{xu2016hydrogenated,
  title={Hydrogenated borophene as a stable two-dimensional Dirac material with an ultrahigh Fermi velocity},
  author={Xu, Li-Chun and Du, Aijun and Kou, Liangzhi},
  journal={Physical Chemistry Chemical Physics},
  volume={18},
  number={39},
  pages={27284--27289},
  year={2016},
  publisher={Royal Society of Chemistry}
}

@article{wang2016high,
  title={High anisotropy of fully hydrogenated borophene},
  author={Wang, Zhiqiang and L{\"u}, Tie-Yu and Wang, Hui-Qiong and Feng, Yuan Ping and Zheng, Jin-Cheng},
  journal={Physical Chemistry Chemical Physics},
  volume={18},
  number={46},
  pages={31424--31430},
  year={2016},
  publisher={Royal Society of Chemistry}
}

@article{li2018stretch,
  title={Stretch-Driven Increase in Ultrahigh Thermal Conductance of Hydrogenated Borophene and Dimensionality Crossover in Phonon Transmission},
  author={Li, Dengfeng and He, Jia and Ding, Guangqian and Tang, QiQi and Ying, Yan and He, Junjie and Zhong, Chengyong and Liu, Yi and Feng, Chunbao and Sun, Qilong and others},
  journal={Advanced Functional Materials},
  volume={28},
  number={31},
  pages={1801685},
  year={2018},
  publisher={Wiley Online Library}
}

@article{mortazavi2018borophene,
  title={Borophene hydride: a stiff 2D material with high thermal conductivity and attractive optical and electronic properties},
  author={Mortazavi, Bohayra and Makaremi, Meysam and Shahrokhi, Masoud and Raeisi, Mostafa and Singh, Chandra Veer and Rabczuk, Timon and Pereira, Luiz Felipe C},
  journal={Nanoscale},
  volume={10},
  number={8},
  pages={3759--3768},
  year={2018},
  publisher={Royal Society of Chemistry}
}

@article{zhou2017superior,
  title={Superior lattice thermal conductance of single-layer borophene},
  author={Zhou, Hangbo and Cai, Yongqing and Zhang, Gang and Zhang, Yong-Wei},
  journal={npj 2D Materials and Applications},
  volume={1},
  number={1},
  pages={1--7},
  year={2017},
  publisher={Nature Publishing Group}
}

@article{liu2017anisotropic,
  title={Anisotropic intrinsic lattice thermal conductivity of borophane from first-principles calculations},
  author={Liu, Gang and Wang, Haifeng and Gao, Yan and Zhou, Jian and Wang, Hui},
  journal={Physical Chemistry Chemical Physics},
  volume={19},
  number={4},
  pages={2843--2849},
  year={2017},
  publisher={Royal Society of Chemistry}
}

@article{sun2016first,
  title={First-principles study of thermal properties of borophene},
  author={Sun, Hongyi and Li, Qingfang and Wan, XG},
  journal={Physical Chemistry Chemical Physics},
  volume={18},
  number={22},
  pages={14927--14932},
  year={2016},
  publisher={Royal Society of Chemistry}
}

@article{mortazavi2017anomalous,
  title={Anomalous strain effect on the thermal conductivity of borophene: a reactive molecular dynamics study},
  author={Mortazavi, Bohayra and Le, Minh-Quy and Rabczuk, Timon and Pereira, Luiz Felipe C},
  journal={Physica E: Low-dimensional Systems and Nanostructures},
  volume={93},
  pages={202--207},
  year={2017},
  publisher={Elsevier}
}

@article{gu2015first,
  title={First-principles prediction of phononic thermal conductivity of silicene: A comparison with graphene},
  author={Gu, Xiaokun and Yang, Ronggui},
  journal={Journal of Applied Physics},
  volume={117},
  number={2},
  pages={025102},
  year={2015},
  publisher={AIP Publishing LLC}
}

@article{qin2015anisotropic,
  title={Anisotropic intrinsic lattice thermal conductivity of phosphorene from first principles},
  author={Qin, Guangzhao and Yan, Qing-Bo and Qin, Zhenzhen and Yue, Sheng-Ying and Hu, Ming and Su, Gang},
  journal={Physical Chemistry Chemical Physics},
  volume={17},
  number={7},
  pages={4854--4858},
  year={2015},
  publisher={Royal Society of Chemistry}
}

@article{huang2017two,
  title={Two-dimensional boron polymorphs for visible range plasmonics: a first-principles exploration},
  author={Huang, Yuefei and Shirodkar, Sharmila N and Yakobson, Boris I},
  journal={Journal of the American Chemical Society},
  volume={139},
  number={47},
  pages={17181--17185},
  year={2017},
  publisher={ACS Publications}
}

@article{feng2017dirac,
  title={Dirac fermions in borophene},
  author={Feng, Baojie and Sugino, Osamu and Liu, Ro-Ya and Zhang, Jin and Yukawa, Ryu and Kawamura, Mitsuaki and Iimori, Takushi and Kim, Howon and Hasegawa, Yukio and Li, Hui and others},
  journal={Physical review letters},
  volume={118},
  number={9},
  pages={096401},
  year={2017},
  publisher={APS}
}

@article{feng2018discovery,
  title={Discovery of 2D anisotropic Dirac cones},
  author={Feng, Baojie and Zhang, Jin and Ito, Suguru and Arita, Masashi and Cheng, Cai and Chen, Lan and Wu, Kehui and Komori, Fumio and Sugino, Osamu and Miyamoto, Koji and others},
  journal={Advanced Materials},
  volume={30},
  number={2},
  pages={1704025},
  year={2018},
  publisher={Wiley Online Library}
}

@article{zhang2017dirac,
  title={Dirac nodal lines and tilted semi-Dirac cones coexisting in a striped boron sheet},
  author={Zhang, Honghong and Xie, Yuee and Zhang, Zhongwei and Zhong, Chengyong and Li, Yafei and Chen, Zhongfang and Chen, Yuanping},
  journal={The journal of physical chemistry letters},
  volume={8},
  number={8},
  pages={1707--1713},
  year={2017},
  publisher={ACS Publications}
}

@article{jiao2016two,
  title={Two-Dimensional Boron Hydride Sheets: High Stability, Massless Dirac Fermions, and Excellent Mechanical Properties},
  author={Jiao, Yalong and Ma, Fengxian and Bell, John and Bilic, Ante and Du, Aijun},
  journal={Angewandte Chemie},
  volume={128},
  number={35},
  pages={10448--10451},
  year={2016},
  publisher={Wiley Online Library}
}

@article{zhou2014semimetallic,
  title={Semimetallic two-dimensional boron allotrope with massless Dirac fermions},
  author={Zhou, Xiang-Feng and Dong, Xiao and Oganov, Artem R and Zhu, Qiang and Tian, Yongjun and Wang, Hui-Tian},
  journal={Physical Review Letters},
  volume={112},
  number={8},
  pages={085502},
  year={2014},
  publisher={APS}
}

@article{tai2015synthesis,
  title={Synthesis of atomically thin boron films on copper foils},
  author={Tai, Guoan and Hu, Tingsong and Zhou, Yungang and Wang, Xufeng and Kong, Jizhou and Zeng, Tian and You, Yuncheng and Wang, Qin},
  journal={Angewandte Chemie},
  volume={127},
  number={51},
  pages={15693--15697},
  year={2015},
  publisher={Wiley Online Library}
}

@article{kou2016high,
  title={High-mobility anisotropic transport in few-layer $\gamma$-\ce{B_28} films},
  author={Kou, Liangzhi and Ma, Yandong and Zhou, Liujiang and Sun, Ziqi and Gu, Yuantong and Du, Aijun and Smith, Sean and Chen, Changfeng},
  journal={Nanoscale},
  volume={8},
  number={48},
  pages={20111--20117},
  year={2016},
  publisher={Royal Society of Chemistry}
}

@article{zhang2017two,
  title={Two-dimensional boron: structures, properties and applications},
  author={Zhang, Zhuhua and Penev, Evgeni S and Yakobson, Boris I},
  journal={Chemical Society Reviews},
  volume={46},
  number={22},
  pages={6746--6763},
  year={2017},
  publisher={The Royal Society of Chemistry}
}

@article{xu2017two,
  title={Two-Dimensional Semiconducting Boron Monolayers},
  author={Xu, Shao-Gang and Li, Xiao-Tian and Zhao, Yu-Jun and Liao, Ji-Hai and Xu, Wang-Ping and Yang, Xiao-Bao and Xu, Hu},
  journal={Journal of the American Chemical Society},
  volume={139},
  number={48},
  pages={17233--17236},
  year={2017},
  publisher={ACS Publications}
}

@article{profeta2012phonon,
  title={Phonon-mediated superconductivity in graphene by lithium deposition},
  author={Profeta, Gianni and Calandra, Matteo and Mauri, Francesco},
  journal={Nature physics},
  volume={8},
  number={2},
  pages={131--134},
  year={2012},
  publisher={Nature Publishing Group}
}

@article{li2015ultrahigh,
  title={Ultrahigh-capacity molecular hydrogen storage of a lithium-decorated boron monolayer},
  author={Li, Jiling and Zhang, Hongyu and Yang, Guowei},
  journal={The Journal of Physical Chemistry C},
  volume={119},
  number={34},
  pages={19681--19688},
  year={2015},
  publisher={ACS Publications}
}

@article{jiang2016borophene,
  title={Borophene: a promising anode material offering high specific capacity and high rate capability for lithium-ion batteries},
  author={Jiang, HR and Lu, Ziheng and Wu, MC and Ciucci, Francesco and Zhao, TS},
  journal={Nano Energy},
  volume={23},
  pages={97--104},
  year={2016},
  publisher={Elsevier}
}

@article{zhang2016borophene,
  title={Borophene as an extremely high capacity electrode material for Li-ion and Na-ion batteries},
  author={Zhang, Xiaoming and Hu, Junping and Cheng, Yingchun and Yang, Hui Ying and Yao, Yugui and Yang, Shengyuan A},
  journal={Nanoscale},
  volume={8},
  number={33},
  pages={15340--15347},
  year={2016},
  publisher={Royal Society of Chemistry}
}

@article{ling2017nanosheet,
  title={Nanosheet supported single-metal atom bifunctional catalyst for overall water splitting},
  author={Ling, Chongyi and Shi, Li and Ouyang, Yixin and Zeng, Xiao Cheng and Wang, Jinlan},
  journal={Nano letters},
  volume={17},
  number={8},
  pages={5133--5139},
  year={2017},
  publisher={ACS Publications}
}

@article{tan2017borophene,
  title={Borophene as a promising material for charge-modulated switchable \ce{CO_2} capture},
  author={Tan, Xin and Tahini, Hassan A and Smith, Sean C},
  journal={ACS applied materials \& interfaces},
  volume={9},
  number={23},
  pages={19825--19830},
  year={2017},
  publisher={ACS Publications}
}

@article{xu2017practical,
  title={A practical criterion for screening stable boron nanostructures},
  author={Xu, Shao-Gang and Zhao, Yu-Jun and Yang, Xiao-Bao and Xu, Hu},
  journal={The Journal of Physical Chemistry C},
  volume={121},
  number={21},
  pages={11950--11955},
  year={2017},
  publisher={ACS Publications}
}

@article{alexandrova2004molecular,
  title={Molecular Wheel \ce{B8^{2-}} as a New Inorganic Ligand. Photoelectron Spectroscopy and ab Initio Characterization of \ce{LiB8}},
  author={Alexandrova, Anastassia N and Zhai, Hua-Jin and Wang, Lai-Sheng and Boldyrev, Alexander I},
  journal={Inorganic chemistry},
  volume={43},
  number={12},
  pages={3552--3554},
  year={2004},
  publisher={ACS Publications}
}

@article{alexandrova2004electronic,
  title={Electronic structure, isomerism, and chemical bonding in \ce{B7^-} and \ce{B7}},
  author={Alexandrova, Anastassia N and Boldyrev, Alexander I and Zhai, Hua-Jin and Wang, Lai-Sheng},
  journal={The Journal of Physical Chemistry A},
  volume={108},
  number={16},
  pages={3509--3517},
  year={2004},
  publisher={ACS Publications}
}

@article{kiran2005planar,
  title={Planar-to-tubular structural transition in boron clusters: \ce{B20} as the embryo of single-walled boron nanotubes},
  author={Kiran, Boggavarapu and Bulusu, Satya and Zhai, Hua-Jin and Yoo, Soohaeng and Zeng, Xiao Cheng and Wang, Lai-Sheng},
  journal={Proceedings of the National Academy of Sciences},
  volume={102},
  number={4},
  pages={961--964},
  year={2005},
  publisher={National Acad Sciences}
}

@article{alexandrova2006all,
  title={All-boron aromatic clusters as potential new inorganic ligands and building blocks in chemistry},
  author={Alexandrova, Anastassia N and Boldyrev, Alexander I and Zhai, Hua-Jin and Wang, Lai-Sheng},
  journal={Coordination Chemistry Reviews},
  volume={250},
  number={21-22},
  pages={2811--2866},
  year={2006},
  publisher={Elsevier}
}

@article{sergeeva2008photoelectron,
  title={A photoelectron spectroscopic and theoretical study of \ce{B16^-} and \ce{B16^{2-}}: an all-boron naphthalene},
  author={Sergeeva, Alina P and Zubarev, Dmitry Yu and Zhai, Hua-Jin and Boldyrev, Alexander I and Wang, Lai-Sheng},
  journal={Journal of the American Chemical Society},
  volume={130},
  number={23},
  pages={7244--7246},
  year={2008},
  publisher={ACS Publications}
}

@article{huang2010concentric,
  title={A concentric planar doubly $\pi$-aromatic \ce{B_19^{-}} cluster},
  author={Huang, Wei and Sergeeva, Alina P and Zhai, Hua-Jin and Averkiev, Boris B and Wang, Lai-Sheng and Boldyrev, Alexander I},
  journal={Nature chemistry},
  volume={2},
  number={3},
  pages={202--206},
  year={2010},
  publisher={Nature Publishing Group}
}

@article{sergeeva2011all,
  title={All-boron analogues of aromatic hydrocarbons: \ce{B17^{-}} and \ce{B18^{-}}},
  author={Sergeeva, Alina P and Averkiev, Boris B and Zhai, Hua-Jin and Boldyrev, Alexander I and Wang, Lai-Sheng},
  journal={The Journal of chemical physics},
  volume={134},
  number={22},
  pages={224304},
  year={2011},
  publisher={American Institute of Physics}
}

@article{piazza2012photoelectron,
  title={A photoelectron spectroscopy and ab initio study of \ce{B21^{-}}: Negatively charged boron clusters continue to be planar at 21},
  author={Piazza, Zachary A and Li, Wei-Li and Romanescu, Constantin and Sergeeva, Alina P and Wang, Lai-Sheng and Boldyrev, Alexander I},
  journal={The Journal of chemical physics},
  volume={136},
  number={10},
  pages={104310},
  year={2012},
  publisher={American Institute of Physics}
}

@article{sergeeva2012b22,
  title={\ce{B22^{-}}and \ce{B23^{-}}: all-boron analogues of anthracene and phenanthrene},
  author={Sergeeva, Alina P and Piazza, Zachary A and Romanescu, Constantin and Li, Wei-Li and Boldyrev, Alexander I and Wang, Lai-Sheng},
  journal={Journal of the American Chemical Society},
  volume={134},
  number={43},
  pages={18065--18073},
  year={2012},
  publisher={ACS Publications}
}

@article{zhai2003hydrocarbon,
  title={Hydrocarbon analogues of boron clusters—planarity, aromaticity and antiaromaticity},
  author={Zhai, Hua-Jin and Kiran, Boggavarapu and Li, Jun and Wang, Lai-Sheng},
  journal={Nature materials},
  volume={2},
  number={12},
  pages={827--833},
  year={2003},
  publisher={Nature Publishing Group}
}

@article{zhai2003hepta,
  title={Hepta-and octacoordinate boron in molecular wheels of eight-and nine-atom boron clusters: observation and confirmation},
  author={Zhai, Hua-Jin and Alexandrova, Anastassia N and Birch, K Alexander and Boldyrev, Alexander I and Wang, Lai-Sheng},
  journal={Angewandte Chemie International Edition},
  volume={42},
  number={48},
  pages={6004--6008},
  year={2003},
  publisher={Wiley Online Library}
}

@article{tai2012structure,
  title={Structure of boron clusters revisited, \ce{B_n} with n= 14--20},
  author={Tai, Truong Ba and Tam, Nguyen Minh and Nguyen, Minh Tho},
  journal={Chemical Physics Letters},
  volume={530},
  pages={71--76},
  year={2012},
  publisher={Elsevier}
}

@article{oger2007boron,
  title={Boron cluster cations: transition from planar to cylindrical structures},
  author={Oger, Esther and Crawford, Nathan RM and Kelting, Rebecca and Weis, Patrick and Kappes, Manfred M and Ahlrichs, Reinhart},
  journal={Angewandte Chemie International Edition},
  volume={46},
  number={44},
  pages={8503--8506},
  year={2007},
  publisher={Wiley Online Library}
}

@article{galeev2011valence,
  title={Valence isoelectronic substitution in the \ce{B8^{-}} and \ce{B9^{-}} molecular wheels by an Al dopant atom: Umbrella-like structures of \ce{AlB7^{-}} and \ce{AlB8^{-}}},
  author={Galeev, Timur R and Romanescu, Constantin and Li, Wei-Li and Wang, Lai-Sheng and Boldyrev, Alexander I},
  journal={The Journal of chemical physics},
  volume={135},
  number={10},
  pages={104301},
  year={2011},
  publisher={American Institute of Physics}
}

@article{romanescu2011aromatic,
  title={Aromatic metal-centered monocyclic boron rings: Co{\copyright}\ce{B8^{-}} and Ru{\copyright}\ce{B9^{-}}},
  author={Romanescu, Constantin and Galeev, Timur R and Li, Wei-Li and Boldyrev, Alexander I and Wang, Lai-Sheng},
  journal={Angewandte Chemie},
  volume={123},
  number={40},
  pages={9506--9509},
  year={2011},
  publisher={Wiley Online Library}
}

@article{galeev2012observation,
  title={Observation of the highest coordination number in planar species: decacoordinated Ta{\copyright}\ce{B10^{-}} and Nb{\copyright}\ce{B10^{-}} anions},
  author={Galeev, Timur R and Romanescu, Constantin and Li, Wei-Li and Wang, Lai-Sheng and Boldyrev, Alexander I},
  journal={Angewandte Chemie},
  volume={124},
  number={9},
  pages={2143--2147},
  year={2012},
  publisher={Wiley Online Library}
}

@article{li2012transition,
  title={Transition-metal-centered nine-membered boron rings: M{\copyright}\ce{B9}and M{\copyright}\ce{B9^{-}} (M= Rh, Ir)},
  author={Li, Wei-Li and Romanescu, Constantin and Galeev, Timur R and Piazza, Zachary A and Boldyrev, Alexander I and Wang, Lai-Sheng},
  journal={Journal of the American Chemical Society},
  volume={134},
  number={1},
  pages={165--168},
  year={2012},
  publisher={ACS Publications}
}

@article{romanescu2013transition,
  title={Transition-metal-centered monocyclic boron wheel clusters (M{\copyright}\ce{B_n}): a new class of aromatic borometallic compounds},
  author={Romanescu, Constantin and Galeev, Timur R and Li, Wei-Li and Boldyrev, Alexander I and Wang, Lai-Sheng},
  journal={Accounts of chemical research},
  volume={46},
  number={2},
  pages={350--358},
  year={2013},
  publisher={ACS Publications}
}

@article{qu2017two,
  title={A two-dimensional \ce{TiB4} monolayer exhibits planar octacoordinate Ti},
  author={Qu, Xin and Yang, Jinghai and Wang, Yanchao and Lv, Jian and Chen, Zhongfang and Ma, Yanming},
  journal={Nanoscale},
  volume={9},
  number={45},
  pages={17983--17990},
  year={2017},
  publisher={Royal Society of Chemistry}
}

@article{bo2019tetragonal,
  title={Tetragonal and trigonal \ce{Mo2B2} monolayers: two new low-dimensional materials for Li-ion and Na-ion batteries},
  author={Bo, Tao and Liu, Peng-Fei and Zhang, Junrong and Wang, Fangwei and Wang, Bao-Tian},
  journal={Physical Chemistry Chemical Physics},
  volume={21},
  number={9},
  pages={5178--5188},
  year={2019},
  publisher={Royal Society of Chemistry}
}

@article{bo2018hexagonal,
  title={Hexagonal \ce{Ti2B2} monolayer: a promising anode material offering high rate capability for Li-ion and Na-ion batteries},
  author={Bo, Tao and Liu, Peng-Fei and Xu, Juping and Zhang, Junrong and Chen, Yuanbo and Eriksson, Olle and Wang, Fangwei and Wang, Bao-Tian},
  journal={Physical Chemistry Chemical Physics},
  volume={20},
  number={34},
  pages={22168--22178},
  year={2018},
  publisher={Royal Society of Chemistry}
}

@article{tang2019cob,
  title={\ce{CoB6} monolayer: A robust two-dimensional ferromagnet},
  author={Tang, Xiao and Sun, Weiguo and Gu, Yuantong and Lu, Cheng and Kou, Liangzhi and Chen, Changfeng},
  journal={Physical Review B},
  volume={99},
  number={4},
  pages={045445},
  year={2019},
  publisher={APS}
}

@article{eremets2001superconductivity,
  title={Superconductivity in boron},
  author={Eremets, Mikhail I and Struzhkin, Viktor V and Mao, Ho-kwang and Hemley, Russell J},
  journal={Science},
  volume={293},
  number={5528},
  pages={272--274},
  year={2001},
  publisher={American Association for the Advancement of Science}
}

@article{nagamatsu2001superconductivity,
  title={Superconductivity at 39 K in magnesium diboride},
  author={Nagamatsu, Jun and Nakagawa, Norimasa and Muranaka, Takahiro and Zenitani, Yuji and Akimitsu, Jun},
  journal={nature},
  volume={410},
  number={6824},
  pages={63--64},
  year={2001},
  publisher={Nature Publishing Group}
}

@article{barbero2017doping,
  title={Doping-induced superconductivity of \ce{ZrB2} and \ce{HfB2}},
  author={Barbero, Nicol{\`o} and Shiroka, Toni and Delley, Bernard and Grant, Ted and Machado, AJS and Fisk, Zachary and Ott, H-R and Mesot, Jo{\"e}l},
  journal={Physical Review B},
  volume={95},
  number={9},
  pages={094505},
  year={2017},
  publisher={APS}
}

@article{mudgel2008superconductivity,
  title={Superconductivity of non-stoichiometric intermetallic compound \ce{NbB2}},
  author={Mudgel, Monika and Awana, VPS and Bhalla, GL and Kishan, H},
  journal={Solid state communications},
  volume={147},
  number={11-12},
  pages={439--442},
  year={2008},
  publisher={Elsevier}
}

@article{singh2001superconductivity,
  title={Superconductivity in \ce{MgB2} and \ce{TaB2}: a full-potential electronic structure comparison},
  author={Singh, Prabhakar P},
  journal={arXiv preprint cond-mat/0104580},
  year={2001}
}

@article{buzea2001review,
  title={Review of the superconducting properties of \ce{MgB2}},
  author={Buzea, Cristina and Yamashita, Tsutomu},
  journal={Superconductor Science and Technology},
  volume={14},
  number={11},
  pages={R115},
  year={2001},
  publisher={IOP Publishing}
}

@article{gholami2018superconducting,
  title={Superconducting Phases in Lithium Decorated Graphene \ce{LiC6}},
  author={Gholami, Rouhollah and Moradian, Rostam and Moradian, Sina and Pickett, Warren E},
  journal={Scientific reports},
  volume={8},
  number={1},
  pages={1--13},
  year={2018},
  publisher={Nature Publishing Group}
}

@article{yang2014superconducting,
  title={Superconducting graphene sheets in \ce{CaC6} enabled by phonon-mediated interband interactions},
  author={Yang, S-L and Sobota, JA and Howard, CA and Pickard, CJ and Hashimoto, Makoto and Lu, DH and Mo, S-K and Kirchmann, PS and Shen, Z-X},
  journal={Nature communications},
  volume={5},
  number={1},
  pages={1--5},
  year={2014},
  publisher={Nature Publishing Group}
}

@article{uchoa2007superconducting,
  title={Superconducting states of pure and doped graphene},
  author={Uchoa, Bruno and Neto, AH Castro},
  journal={Physical review letters},
  volume={98},
  number={14},
  pages={146801},
  year={2007},
  publisher={APS}
}

@article{wu2016lithium,
  title={Lithium-boron (Li-B) monolayers: First-principles cluster expansion and possible two-dimensional superconductivity},
  author={Wu, Chao and Wang, Hua and Zhang, Jiajia and Gou, Gaoyang and Pan, Bicai and Li, Ju},
  journal={ACS applied materials \& interfaces},
  volume={8},
  number={4},
  pages={2526--2532},
  year={2016},
  publisher={ACS Publications}
}

@article{yan2019prediction,
  title={Prediction of phonon-mediated superconductivity in two-dimensional \ce{Mo2BS2}},
  author={Yan, Luo and Bo, Tao and Liu, Peng-Fei and Wang, Bao-Tian and Xiao, Yong-Guang and Tang, Ming-Hua},
  journal={Journal of Materials Chemistry C},
  volume={7},
  number={9},
  pages={2589--2595},
  year={2019},
  publisher={Royal Society of Chemistry}
}

@article{pribiag2015edge,
  title={Edge-mode superconductivity in a two-dimensional topological insulator},
  author={Pribiag, Vlad S and Beukman, Arjan JA and Qu, Fanming and Cassidy, Maja C and Charpentier, Christophe and Wegscheider, Werner and Kouwenhoven, Leo P},
  journal={Nature nanotechnology},
  volume={10},
  number={7},
  pages={593--597},
  year={2015},
  publisher={Nature Publishing Group}
}

@article{el2013superconductivity,
  title={Superconductivity in two-dimensional \ce{NbSe2} field effect transistors},
  author={El-Bana, Mohammed S and Wolverson, Daniel and Russo, Saverio and Balakrishnan, Geetha and Paul, Don Mck and Bending, Simon J},
  journal={Superconductor Science and Technology},
  volume={26},
  number={12},
  pages={125020},
  year={2013},
  publisher={IOP Publishing}
}

@article{wang2012calypso,
  title={CALYPSO: A method for crystal structure prediction},
  author={Wang, Yanchao and Lv, Jian and Zhu, Li and Ma, Yanming},
  journal={Computer Physics Communications},
  volume={183},
  number={10},
  pages={2063--2070},
  year={2012},
  publisher={Elsevier}
}

@article{glass2006uspex,
  title={USPEX—Evolutionary crystal structure prediction},
  author={Glass, Colin W and Oganov, Artem R and Hansen, Nikolaus},
  journal={Computer physics communications},
  volume={175},
  number={11-12},
  pages={713--720},
  year={2006},
  publisher={Elsevier}
}

@article{lv2014b38,
  title={\ce{B38}: an all-boron fullerene analogue},
  author={Lv, Jian and Wang, Yanchao and Zhu, Li and Ma, Yanming},
  journal={Nanoscale},
  volume={6},
  number={20},
  pages={11692--11696},
  year={2014},
  publisher={The Royal Society of Chemistry}
}

@article{dong2019li,
  title={\ce{Li2B24}: the simplest combination for a three-ring boron tube},
  author={Dong, Xue and Jalife, Said and V{\'a}squez-Espinal, Alejandro and Barroso, Jorge and Orozco-Ic, Mes{\'\i}as and Ravell, Estefan{\'\i}a and Cabellos, Jos{\'e} Luis and Liang, Wei-yan and Cui, Zhong-hua and Merino, Gabriel},
  journal={Nanoscale},
  volume={11},
  number={5},
  pages={2143--2147},
  year={2019},
  publisher={Royal Society of Chemistry}
}

@article{lv2015stabilization,
  title={Stabilization of fullerene-like boron cages by transition metal encapsulation},
  author={Lv, Jian and Wang, Yanchao and Zhang, Lijun and Lin, Haiqing and Zhao, Jijun and Ma, Yanming},
  journal={Nanoscale},
  volume={7},
  number={23},
  pages={10482--10489},
  year={2015},
  publisher={Royal Society of Chemistry}
}

@article{wu2012two,
  title={Two-dimensional boron monolayer sheets},
  author={Wu, Xiaojun and Dai, Jun and Zhao, Yu and Zhuo, Zhiwen and Yang, Jinlong and Zeng, Xiao Cheng},
  journal={ACS nano},
  volume={6},
  number={8},
  pages={7443--7453},
  year={2012},
  publisher={ACS Publications}
}

@article{tang2007novel,
  title={Novel precursors for boron nanotubes: the competition of two-center and three-center bonding in boron sheets},
  author={Tang, Hui and Ismail-Beigi, Sohrab},
  journal={Physical review letters},
  volume={99},
  number={11},
  pages={115501},
  year={2007},
  publisher={APS}
}

@article{tian2019cluster,
  title={Cluster structure prediction via CALYPSO method},
  author={Tian, Yonghong and Sun, Weiguo and Chen, Bole and Jin, Yuanyuan and Lu, Cheng},
  journal={Chinese Physics B},
  volume={28},
  number={10},
  pages={103104},
  year={2019},
  publisher={IOP Publishing}
}

@article{tian2019exhaustive,
  title={Exhaustive exploration of \ce{MgB_n} (n= 10--20) clusters and their anions},
  author={Tian, Yonghong and Wei, Donghe and Jin, Yuanyuan and Barroso, Jorge and Lu, Cheng and Merino, Gabriel},
  journal={Physical Chemistry Chemical Physics},
  volume={21},
  number={13},
  pages={6935--6941},
  year={2019},
  publisher={Royal Society of Chemistry}
}

@article{kang2019probing,
  title={Probing the structure and electronic properties of beryllium doped boron clusters: A planar \ce{BeB16^{-}} cluster motif for metallo-borophene},
  author={Kang, Dongliang and Sun, Weiguo and Shi, Hongxiao and Lu, Cheng and Kuang, Xiaoyu and Chen, Bole and Xia, Xinxin and Maroulis, George},
  journal={Scientific reports},
  volume={9},
  number={1},
  pages={1--9},
  year={2019},
  publisher={Nature Publishing Group}
}

@article{jin2019structural,
  title={Structural and electronic properties of medium-sized aluminum-doped boron clusters \ce{AlB_n} and their anions},
  author={Jin, Siyu and Chen, Bole and Kuang, Xiaoyu and Lu, Cheng and Sun, Weiguo and Xia, Xinxin and Gutsev, Gennady L},
  journal={The Journal of Physical Chemistry C},
  volume={123},
  number={10},
  pages={6276--6283},
  year={2019},
  publisher={ACS Publications}
}

@article{li2017planar,
  title={From planar boron clusters to borophenes and metalloborophenes},
  author={Li, Wan-Lu and Chen, Xin and Jian, Tian and Chen, Teng-Teng and Li, Jun and Wang, Lai-Sheng},
  journal={Nature Reviews Chemistry},
  volume={1},
  number={10},
  pages={1--9},
  year={2017},
  publisher={Nature Publishing Group}
}

@article{hohenberg1964inhomogeneous,
  title={Inhomogeneous electron gas},
  author={Hohenberg, Pierre and Kohn, Walter},
  journal={Physical review},
  volume={136},
  number={3B},
  pages={B864},
  year={1964},
  publisher={APS}
}

@article{kohn1965self,
  title={Self-consistent equations including exchange and correlation effects},
  author={Kohn, Walter and Sham, Lu Jeu},
  journal={Physical review},
  volume={140},
  number={4A},
  pages={A1133},
  year={1965},
  publisher={APS}
}

@article{hamann1979norm,
  title={Norm-conserving pseudopotentials},
  author={Hamann, DR and Schl{\"u}ter, M and Chiang, C},
  journal={Physical Review Letters},
  volume={43},
  number={20},
  pages={1494},
  year={1979},
  publisher={APS}
}

@article{vanderbilt1990soft,
  title={Soft self-consistent pseudopotentials in a generalized eigenvalue formalism},
  author={Vanderbilt, David},
  journal={Physical review B},
  volume={41},
  number={11},
  pages={7892},
  year={1990},
  publisher={APS}
}

@article{blochl1994projector,
  title={Projector augmented-wave method},
  author={Bl{\"o}chl, Peter E},
  journal={Physical review B},
  volume={50},
  number={24},
  pages={17953},
  year={1994},
  publisher={APS}
}

@article{oppenheimer1927quantum,
  title={On the Quantum Theory of Molecules},
  author={Oppenheimer, J and Born, M},
  journal={Ann. Physik},
  volume={84},
  pages={458},
  year={1927},
  publisher={World Scientific}
}

@article{chester1959electron,
  title={Electron-phonon interaction in metals: The harmonic approximation},
  author={Chester, GV and Houghton, A},
  journal={Proceedings of the Physical Society (1958-1967)},
  volume={73},
  number={4},
  pages={609},
  year={1959},
  publisher={IOP Publishing}
}

@book{born1954dynamical,
  title={Dynamical theory of crystal lattices},
  author={Born, Max and Huang, Kun},
  year={1954},
  publisher={Clarendon press}
}

@book{bottger1983principles,
  title={Principles of the theory of lattice dynamics},
  author={B{\"o}ttger, Harald},
  year={1983},
  publisher={Akademie-Vrlg.}
}

@article{yin1980microscopic,
  title={Microscopic theory of the phase transformation and lattice dynamics of Si},
  author={Yin, MT and Cohen, Marvin L},
  journal={Physical Review Letters},
  volume={45},
  number={12},
  pages={1004},
  year={1980},
  publisher={APS}
}

@article{fritsch1999density,
  title={Density functional calculation of semiconductor surface phonons},
  author={Fritsch, J{\"u}rgen and Schr{\"o}der, Uwe},
  journal={Physics reports},
  volume={309},
  number={4-6},
  pages={209--331},
  year={1999},
  publisher={Elsevier}
}

@article{frank1995ab,
  title={Ab initio force-constant method for phonon dispersions in alkali metals},
  author={Frank, W and Els{\"a}sser, C and F{\"a}hnle, M},
  journal={Physical review letters},
  volume={74},
  number={10},
  pages={1791},
  year={1995},
  publisher={APS}
}

@article{kresse1995ab,
  title={Ab initio force constant approach to phonon dispersion relations of diamond and graphite},
  author={Kresse, G and Furthm{\"u}ller, J and Hafner, J},
  journal={EPL (Europhysics Letters)},
  volume={32},
  number={9},
  pages={729},
  year={1995},
  publisher={IOP Publishing}
}

@article{baroni2001phonons,
  title={Phonons and related crystal properties from density-functional perturbation theory},
  author={Baroni, Stefano and De Gironcoli, Stefano and Dal Corso, Andrea and Giannozzi, Paolo},
  journal={Reviews of modern Physics},
  volume={73},
  number={2},
  pages={515},
  year={2001},
  publisher={APS}
}

@article{feynman1939forces,
  title={Forces in molecules},
  author={Feynman, Richard Phillips},
  journal={Physical review},
  volume={56},
  number={4},
  pages={340},
  year={1939},
  publisher={APS}
}

@article{bardeen1957theory,
  title={Theory of superconductivity},
  author={Bardeen, John and Cooper, Leon N and Schrieffer, John Robert},
  journal={Physical review},
  volume={108},
  number={5},
  pages={1175},
  year={1957},
  publisher={APS}
}

@article{scalapino1969electron,
  title={The electron-phonon interaction and strong-coupling superconductors},
  author={Scalapino, Douglas J},
  journal={Superconductivity, edited by RD Parks (Makcel Dekker, New York, 1969)},
  year={1969}
}

@article{eliashberg1960interactions,
  title={Interactions between electrons and lattice vibrations in a superconductor},
  author={Eliashberg, GM},
  journal={Sov. Phys. JETP},
  volume={11},
  number={3},
  pages={696--702},
  year={1960}
}

@article{allen1983theory,
  title={Theory of superconducting Tc},
  author={Allen, Philip B and Mitrovi{\'c}, Bo{\v{z}}idar},
  journal={Solid state physics},
  volume={37},
  pages={1--92},
  year={1983},
  publisher={Elsevier}
}

@article{ponce2016epw,
  title={EPW: Electron--phonon coupling, transport and superconducting properties using maximally localized Wannier functions},
  author={Ponc{\'e}, Samuel and Margine, Elena R and Verdi, Carla and Giustino, Feliciano},
  journal={Computer Physics Communications},
  volume={209},
  pages={116--133},
  year={2016},
  publisher={Elsevier}
}

@article{allen1975transition,
  title={Transition temperature of strong-coupled superconductors reanalyzed},
  author={Allen, Ph B and Dynes, RC},
  journal={Physical Review B},
  volume={12},
  number={3},
  pages={905},
  year={1975},
  publisher={APS}
}

@article{mcmillan1968transition,
  title={Transition temperature of strong-coupled superconductors},
  author={McMillan, WL},
  journal={Physical Review},
  volume={167},
  number={2},
  pages={331},
  year={1968},
  publisher={APS}
}

@article{kohn1989orbital,
  title={Orbital magnetism in the density functional theory of superconductors},
  author={Kohn, W and Gross, EKU and Oliveira, LN},
  journal={Journal de physique},
  volume={50},
  number={18},
  pages={2601--2612},
  year={1989},
  publisher={Soci{\'e}t{\'e} fran{\c{c}}aise de physique}
}

@article{pizzi2016aiida,
  title={AiiDA: automated interactive infrastructure and database for computational science},
  author={Pizzi, Giovanni and Cepellotti, Andrea and Sabatini, Riccardo and Marzari, Nicola and Kozinsky, Boris},
  journal={Computational Materials Science},
  volume={111},
  pages={218--230},
  year={2016},
  publisher={Elsevier}
}

@article{huber2020aiida,
  title={AiiDA 1.0, a scalable computational infrastructure for automated reproducible workflows and data provenance},
  author={Huber, Sebastiaan P and Zoupanos, Spyros and Uhrin, Martin and Talirz, Leopold and Kahle, Leonid and H{\"a}uselmann, Rico and Gresch, Dominik and M{\"u}ller, Tiziano and Yakutovich, Aliaksandr V and Andersen, Casper W and others},
  journal={Scientific data},
  volume={7},
  number={1},
  pages={1--18},
  year={2020},
  publisher={Nature Publishing Group}
}

@article{ciamician1912photochemistry,
  title={The photochemistry of the future},
  author={Ciamician, Giacomo},
  journal={Science},
  volume={36},
  number={926},
  pages={385--394},
  year={1912},
  publisher={JSTOR}
}

@article{curtarolo2003predicting,
  title={Predicting crystal structures with data mining of quantum calculations},
  author={Curtarolo, Stefano and Morgan, Dane and Persson, Kristin and Rodgers, John and Ceder, Gerbrand},
  journal={Physical review letters},
  volume={91},
  number={13},
  pages={135503},
  year={2003},
  publisher={APS}
}

@article{ceder1998identification,
  title={Identification of cathode materials for lithium batteries guided by first-principles calculations},
  author={Ceder, Gerbrand and Chiang, Y-M and Sadoway, DR and Aydinol, MK and Jang, Y-I and Huang, Biying},
  journal={Nature},
  volume={392},
  number={6677},
  pages={694--696},
  year={1998},
  publisher={Nature Publishing Group}
}

@article{johannesson2002combined,
  title={Combined electronic structure and evolutionary search approach to materials design},
  author={Johannesson, Gisli Holmar and Bligaard, Thomas and Ruban, Andrei V and Skriver, Hans Lomholt and Jacobsen, Karsten Wedel and N{\o}rskov, Jens Kehlet},
  journal={Physical Review Letters},
  volume={88},
  number={25},
  pages={255506},
  year={2002},
  publisher={APS}
}

@article{curtarolo2005accuracy,
  title={Accuracy of ab initio methods in predicting the crystal structures of metals: A review of 80 binary alloys},
  author={Curtarolo, Stefano and Morgan, Dane and Ceder, Gerbrand},
  journal={Calphad},
  volume={29},
  number={3},
  pages={163--211},
  year={2005},
  publisher={Elsevier}
}

@article{xiang1995combinatorial,
  title={A combinatorial approach to materials discovery},
  author={Xiang, X-D and Sun, Xiaodong and Briceno, Gabriel and Lou, Yulin and Wang, Kai-An and Chang, Hauyee and Wallace-Freedman, William G and Chen, Sung-Wei and Schultz, Peter G},
  journal={Science},
  volume={268},
  number={5218},
  pages={1738--1740},
  year={1995},
  publisher={American Association for the Advancement of Science}
}

@article{koinuma2004combinatorial,
  title={Combinatorial solid-state chemistry of inorganic materials},
  author={Koinuma, Hideomi and Takeuchi, Ichiro},
  journal={Nature materials},
  volume={3},
  number={7},
  pages={429--438},
  year={2004},
  publisher={Nature Publishing Group}
}

@article{takeuchi2003identification,
  title={Identification of novel compositions of ferromagnetic shape-memory alloys using composition spreads},
  author={Takeuchi, I and Famodu, OO and Read, JC and Aronova, MA and Chang, K-S and Craciunescu, C and Lofland, SE and Wuttig, M and Wellstood, FC and Knauss, L and others},
  journal={Nature materials},
  volume={2},
  number={3},
  pages={180--184},
  year={2003},
  publisher={Nature Publishing Group}
}

@article{maclean1999glossary,
  title={Glossary of terms used in combinatorial chemistry},
  author={Maclean, D and Baldwin, JJ and Ivanov, VT and Kato, Y and Shaw, A and Schneider, P and Gordon, EM},
  journal={Pure and Applied Chemistry},
  volume={71},
  number={12},
  pages={2349--2365},
  year={1999},
  publisher={De Gruyter}
}

@article{maier2007combinatorial,
  title={Combinatorial and high-throughput materials science},
  author={Maier, Wilhelm F and Stoewe, Klaus and Sieg, Simone},
  journal={Angewandte chemie international edition},
  volume={46},
  number={32},
  pages={6016--6067},
  year={2007},
  publisher={Wiley Online Library}
}

@article{curtarolo2013high,
  title={The high-throughput highway to computational materials design},
  author={Curtarolo, Stefano and Hart, Gus LW and Nardelli, Marco Buongiorno and Mingo, Natalio and Sanvito, Stefano and Levy, Ohad},
  journal={Nature materials},
  volume={12},
  number={3},
  pages={191--201},
  year={2013},
  publisher={Nature Publishing Group}
}

@article{curtarolo2012aflowlib,
  title={AFLOWLIB.ORG: A distributed materials properties repository from high-throughput ab initio calculations},
  author={Curtarolo, Stefano and Setyawan, Wahyu and Wang, Shidong and Xue, Junkai and Yang, Kesong and Taylor, Richard H and Nelson, Lance J and Hart, Gus LW and Sanvito, Stefano and Buongiorno-Nardelli, Marco and others},
  journal={Computational Materials Science},
  volume={58},
  pages={227--235},
  year={2012},
  publisher={Elsevier}
}

@article{jain2011high,
  title={A high-throughput infrastructure for density functional theory calculations},
  author={Jain, Anubhav and Hautier, Geoffroy and Moore, Charles J and Ong, Shyue Ping and Fischer, Christopher C and Mueller, Tim and Persson, Kristin A and Ceder, Gerbrand},
  journal={Computational Materials Science},
  volume={50},
  number={8},
  pages={2295--2310},
  year={2011},
  publisher={Elsevier}
}

@article{larsen2017atomic,
  title={The atomic simulation environment—a Python library for working with atoms},
  author={Larsen, Ask Hjorth and Mortensen, Jens J{\o}rgen and Blomqvist, Jakob and Castelli, Ivano E and Christensen, Rune and Du{\l}ak, Marcin and Friis, Jesper and Groves, Michael N and Hammer, Bj{\o}rk and Hargus, Cory and others},
  journal={Journal of Physics: Condensed Matter},
  volume={29},
  number={27},
  pages={273002},
  year={2017},
  publisher={IOP Publishing}
}

@article{talirz2020materials,
  title={Materials Cloud, a platform for open computational science},
  author={Talirz, Leopold and Kumbhar, Snehal and Passaro, Elsa and Yakutovich, Aliaksandr V and Granata, Valeria and Gargiulo, Fernando and Borelli, Marco and Uhrin, Martin and Huber, Sebastiaan P and Zoupanos, Spyros and others},
  journal={Scientific data},
  volume={7},
  number={1},
  pages={1--12},
  year={2020},
  publisher={Nature Publishing Group}
}

@article{jain2015fireworks,
  title={FireWorks: A dynamic workflow system designed for high-throughput applications},
  author={Jain, Anubhav and Ong, Shyue Ping and Chen, Wei and Medasani, Bharat and Qu, Xiaohui and Kocher, Michael and Brafman, Miriam and Petretto, Guido and Rignanese, Gian-Marco and Hautier, Geoffroy and others},
  journal={Concurrency and Computation: Practice and Experience},
  volume={27},
  number={17},
  pages={5037--5059},
  year={2015},
  publisher={Wiley Online Library}
}

@article{curtarolo2012aflow,
  title={AFLOW: An automatic framework for high-throughput materials discovery},
  author={Curtarolo, Stefano and Setyawan, Wahyu and Hart, Gus LW and Jahnatek, Michal and Chepulskii, Roman V and Taylor, Richard H and Wang, Shidong and Xue, Junkai and Yang, Kesong and Levy, Ohad and others},
  journal={Computational Materials Science},
  volume={58},
  pages={218--226},
  year={2012},
  publisher={Elsevier}
}

@inproceedings{maffioletti2012gc3pie,
  title={Gc3pie: A python framework for high-throughput computing},
  author={Maffioletti, Sergio and Murri, Riccardo},
  booktitle={Proc EGI Community Forum},
  year={2012},
  organization={Citeseer}
}

@article{adorf2018simple,
  title={Simple data and workflow management with the signac framework},
  author={Adorf, Carl S and Dodd, Paul M and Ramasubramani, Vyas and Glotzer, Sharon C},
  journal={Computational Materials Science},
  volume={146},
  pages={220--229},
  year={2018},
  publisher={Elsevier}
}

@inproceedings{babuji2019parsl,
  title={Parsl: Pervasive parallel programming in python},
  author={Babuji, Yadu and Woodard, Anna and Li, Zhuozhao and Katz, Daniel S and Clifford, Ben and Kumar, Rohan and Lacinski, Lukasz and Chard, Ryan and Wozniak, Justin M and Foster, Ian and others},
  booktitle={Proceedings of the 28th International Symposium on High-Performance Parallel and Distributed Computing},
  pages={25--36},
  year={2019}
}

@article{wilkinson2016fair,
  title={The FAIR Guiding Principles for scientific data management and stewardship},
  author={Wilkinson, Mark D and Dumontier, Michel and Aalbersberg, IJsbrand Jan and Appleton, Gabrielle and Axton, Myles and Baak, Arie and Blomberg, Niklas and Boiten, Jan-Willem and da Silva Santos, Luiz Bonino and Bourne, Philip E and others},
  journal={Scientific data},
  volume={3},
  number={1},
  pages={1--9},
  year={2016},
  publisher={Nature Publishing Group}
}

@article{ioannidis2009repeatability,
  title={Repeatability of published microarray gene expression analyses},
  author={Ioannidis, John PA and Allison, David B and Ball, Catherine A and Coulibaly, Issa and Cui, Xiangqin and Culhane, Aed{\'\i}n C and Falchi, Mario and Furlanello, Cesare and Game, Laurence and Jurman, Giuseppe and others},
  journal={Nature genetics},
  volume={41},
  number={2},
  pages={149},
  year={2009},
  publisher={Nature Publishing Group}
}

@article{peng2011reproducible,
  title={Reproducible research in computational science},
  author={Peng, Roger D},
  journal={Science},
  volume={334},
  number={6060},
  pages={1226--1227},
  year={2011},
  publisher={American Association for the Advancement of Science}
}

@article{stoddart2016there,
  title={Is there a reproducibility crisis in science},
  author={Stoddart, C},
  journal={Nature},
  year={2016}
}

@article{allison2016reproducibility,
  title={Reproducibility: A tragedy of errors},
  author={Allison, David B and Brown, Andrew W and George, Brandon J and Kaiser, Kathryn A},
  journal={Nature News},
  volume={530},
  number={7588},
  pages={27},
  year={2016}
}
@article{ong2013python,
 title={Python Materials Genomics (pymatgen): A robust, open-source python library for materials analysis},
 author={Ong, Shyue Ping and Richards, William Davidson and Jain, Anubhav and Hautier, Geoffroy and Kocher, Michael and Cholia, Shreyas and Gunter, Dan and Chevrier, Vincent L and Persson, Kristin A and Ceder, Gerbrand},
 journal={Computational Materials Science},
 volume={68},
 pages={314--319},
 year={2013},
 publisher={Elsevier}
}

@article{murray2003chemical,
  title={Chemical markup, XML, and the World Wide Web. 4. CML schema},
  author={Murray-Rust, Peter and Rzepa, Henry S},
  journal={Journal of chemical information and computer sciences},
  volume={43},
  number={3},
  pages={757--772},
  year={2003},
  publisher={ACS Publications}
}

@article{merkys2017posteriori,
 title={A posteriori metadata from automated provenance tracking: integration of AiiDA and TCOD},
 author={Merkys, Andrius and Mounet, Nicolas and Cepellotti, Andrea and Marzari, Nicola and Gra{\v{z}}ulis, Saulius and Pizzi, Giovanni},
 journal={Journal of cheminformatics},
 volume={9},
 number={1},
 pages={1--11},
 year={2017},
 publisher={BioMed Central}
}

@article{taylor2003triana,
  title={Triana applications within grid computing and peer to peer environments},
  author={Taylor, Ian and Shields, Matthew and Wang, Ian and Rana, Omer},
  journal={Journal of Grid Computing},
  volume={1},
  number={2},
  pages={199--217},
  year={2003},
  publisher={Springer}
}

@article{oinn2004taverna,
  title={Taverna: a tool for the composition and enactment of bioinformatics workflows},
  author={Oinn, Tom and Addis, Matthew and Ferris, Justin and Marvin, Darren and Senger, Martin and Greenwood, Mark and Carver, Tim and Glover, Kevin and Pocock, Matthew R and Wipat, Anil and others},
  journal={Bioinformatics},
  volume={20},
  number={17},
  pages={3045--3054},
  year={2004},
  publisher={Oxford University Press}
}

@inproceedings{altintas2004kepler,
  title={Kepler: an extensible system for design and execution of scientific workflows},
  author={Altintas, Ilkay and Berkley, Chad and Jaeger, Efrat and Jones, Matthew and Ludascher, Bertram and Mock, Steve},
  booktitle={Proceedings. 16th International Conference on Scientific and Statistical Database Management, 2004.},
  pages={423--424},
  year={2004},
  organization={IEEE}
}

@article{amstutz2016common,
  title={Common workflow language, v1. 0},
  author={Amstutz, Peter and Crusoe, Michael R and Tijani{\'c}, Neboj{\v{s}}a and Chapman, Brad and Chilton, John and Heuer, Michael and Kartashov, Andrey and Leehr, Dan and M{\'e}nager, Herv{\'e} and Nedeljkovich, Maya and others},
  year={2016},
  publisher={Figshare}
}

@webpage{rabbitmq,
  url = {https://www.rabbitmq.com},
}

@webpage{postgresql,
  url = {http://www.postgresql.org/},
}

@webpage{circus,
  url = {https://circus.readthedocs.io/},
}

@article{buerger1947derivative,
  title={Derivative crystal structures},
  author={Buerger, Martin J},
  journal={The Journal of Chemical Physics},
  volume={15},
  number={1},
  pages={1--16},
  year={1947},
  publisher={American Institute of Physics}
}

@article{santoro1973coincidence,
  title={Coincidence-site lattices},
  author={Santoro, A t and Mighell, AD},
  journal={Acta Crystallographica Section A: Crystal Physics, Diffraction, Theoretical and General Crystallography},
  volume={29},
  number={2},
  pages={169--175},
  year={1973},
  publisher={International Union of Crystallography}
}

@article{santoro1972properties,
  title={Properties of crystal lattices: The derivative lattices and their determination},
  author={Santoro, A and Mighell, AD},
  journal={Acta Crystallographica Section A: Crystal Physics, Diffraction, Theoretical and General Crystallography},
  volume={28},
  number={3},
  pages={284--287},
  year={1972},
  publisher={International Union of Crystallography}
}

@article{hart2008algorithm,
  title={Algorithm for generating derivative structures},
  author={Hart, Gus LW and Forcade, Rodney W},
  journal={Physical Review B},
  volume={77},
  number={22},
  pages={224115},
  year={2008},
  publisher={APS}
}

@article{graf2005direct,
  title={Direct enumeration of alloy configurations for electronic structural properties},
  author={Graf, Peter A and Kim, Kwiseon and Jones, Wesley B and Hart, Gus LW},
  journal={Applied Physics Letters},
  volume={87},
  number={24},
  pages={243111},
  year={2005},
  publisher={American Institute of Physics}
}

@article{erdiis1952distribution,
  title={The distribution of values of the divisor function d(n)},
  author={ERDiiS, P and Mirsky, L},
  journal={Proc. London Math. SW},
  volume={3},
  pages={2},
  year={1952}
}

@article{kvrivy1976unified,
  title={A unified algorithm for determining the reduced (Niggli) cell},
  author={K{\v{r}}iv{\`y}, I and Gruber, B},
  journal={Acta Crystallographica Section A: Crystal Physics, Diffraction, Theoretical and General Crystallography},
  volume={32},
  number={2},
  pages={297--298},
  year={1976},
  publisher={International Union of Crystallography}
}

@article{grosse2004numerically,
  title={Numerically stable algorithms for the computation of reduced unit cells},
  author={Grosse-Kunstleve, Ralf W and Sauter, Nicholas K and Adams, Paul D},
  journal={Acta Crystallographica Section A: Foundations of Crystallography},
  volume={60},
  number={1},
  pages={1--6},
  year={2004},
  publisher={International Union of Crystallography}
}

@webpage{pniggli,
  url = {https://github.com/unkcpz/pniggli},
}

@article{ferreira1991stability,
  title={Stability, electronic structure, and phase diagrams of novel inter-semiconductor compounds},
  author={Ferreira, LG and Wei, S-H and Zunger, Alex},
  journal={The International Journal of Supercomputing Applications},
  volume={5},
  number={1},
  pages={34--56},
  year={1991},
  publisher={Sage Publications Sage CA: Thousand Oaks, CA}
}

@article{togo2018texttt,
  title={\texttt{Spglib}: a software library for crystal symmetry search},
  author={Togo, Atsushi and Tanaka, Isao},
  journal={arXiv preprint arXiv:1808.01590},
  year={2018}
}

@article{kiran2009origin,
  title={Origin of the Unusual Stability of \ce{B12} and \ce{B13^{+}} Clusters},
  author={Kiran, Boggavarapu and Gopa Kumar, G and Nguyen, Minh T and Kandalam, Anil K and Jena, Puru},
  journal={Inorganic chemistry},
  volume={48},
  number={21},
  pages={9965--9967},
  year={2009},
  publisher={ACS Publications}
}

@article{pham2014boron,
  title={The boron conundrum: bonding in the bowl \ce{B30} and \ce{B36}, fullerene \ce{B40} and triple ring \ce{B42} clusters},
  author={Pham, Hung Tan and Duong, Long Van and Tam, Nguyen Minh and Pham-Ho, My Phuong and Nguyen, Minh Tho},
  journal={Chemical Physics Letters},
  volume={608},
  pages={295--302},
  year={2014},
  publisher={Elsevier}
}

@article{zhang2014prediction,
  title={Prediction of a Dirac state in monolayer \ce{TiB2}},
  author={Zhang, LZ and Wang, ZF and Du, SX and Gao, H-J and Liu, Feng},
  journal={Physical Review B},
  volume={90},
  number={16},
  pages={161402},
  year={2014},
  publisher={APS}
}

@article{xie2014first,
  title={First-principles calculations of a robust two-dimensional boron honeycomb sandwiching a triangular molybdenum layer},
  author={Xie, Sheng-Yi and Li, Xian-Bin and Tian, Wei Quan and Chen, Nian-Ke and Zhang, Xu-Lin and Wang, Yeliang and Zhang, Shengbai and Sun, Hong-Bo},
  journal={Physical Review B},
  volume={90},
  number={3},
  pages={035447},
  year={2014},
  publisher={APS}
}

@article{li2016global,
  title={Global minimum of two-dimensional \ce{FeB6} and an oxidization induced negative Poisson's ratio: a new stable allotrope},
  author={Li, Jiao and Wei, Yanpei and Fan, Xinyu and Wang, Hongbo and Song, Yang and Chen, Gang and Liang, Yunye and Wang, Vei and Kawazoe, Yoshiyuki},
  journal={Journal of Materials Chemistry C},
  volume={4},
  number={40},
  pages={9613--9621},
  year={2016},
  publisher={Royal Society of Chemistry}
}

@article{li2019room,
  title={Room-temperature ferromagnetism in transition metal embedded borophene nanosheets},
  author={Li, Xiangyang and Li, Xingxing and Yang, Jinlong},
  journal={The journal of physical chemistry letters},
  volume={10},
  number={15},
  pages={4417--4421},
  year={2019},
  publisher={ACS Publications}
}

@article{wang2017semimetallic,
  title={Semimetallic two-dimensional \ce{TiB12}: improved stability and electronic properties tunable by biaxial strain},
  author={Wang, Junjie and Khazaei, Mohammad and Arai, Masao and Umezawa, Naoto and Tada, Tomofumi and Hosono, Hideo},
  journal={Chemistry of Materials},
  volume={29},
  number={14},
  pages={5922--5930},
  year={2017},
  publisher={ACS Publications}
}

@article{liao2017phonon,
  title={Phonon-mediated superconductivity in Mg intercalated bilayer borophenes},
  author={Liao, Ji-Hai and Zhao, Yin-Chang and Zhao, Yu-Jun and Xu, Hu and Yang, Xiao-Bao},
  journal={Physical Chemistry Chemical Physics},
  volume={19},
  number={43},
  pages={29237--29243},
  year={2017},
  publisher={Royal Society of Chemistry}
}

@article{zhao2018multigap,
  title={Multigap anisotropic superconductivity in borophenes},
  author={Zhao, Yinchang and Zeng, Shuming and Lian, Chao and Dai, Zhenhong and Meng, Sheng and Ni, Jun},
  journal={Physical Review B},
  volume={98},
  number={13},
  pages={134514},
  year={2018},
  publisher={APS}
}

@article{yan2020superconductivity,
  title={Superconductivity in predicted two dimensional \ce{XB6} (X= Ga, In)},
  author={Yan, Luo and Bo, Tao and Liu, Peng-Fei and Zhou, Liujiang and Zhang, Junrong and Tang, Ming-Hua and Xiao, Yong-Guang and Wang, Bao-Tian},
  journal={Journal of Materials Chemistry C},
  volume={8},
  number={5},
  pages={1704--1714},
  year={2020},
  publisher={Royal Society of Chemistry}
}

@article{ludbrook2015evidence,
  title={Evidence for superconductivity in Li-decorated monolayer graphene},
  author={Ludbrook, BM and Levy, Giorgio and Nigge, Pascal and Zonno, Marta and Schneider, Michael and Dvorak, DJ and Veenstra, CN and Zhdanovich, Sergey and Wong, Douglas and Dosanjh, Pinder and others},
  journal={Proceedings of the National Academy of Sciences},
  volume={112},
  number={38},
  pages={11795--11799},
  year={2015},
  publisher={National Acad Sciences}
}

@article{cheng2017suppressed,
  title={Suppressed superconductivity in substrate-supported $\beta_{12}$ borophene by tensile strain and electron doping},
  author={Cheng, Cai and Sun, Jia-Tao and Liu, Hang and Fu, Hui-Xia and Zhang, Jin and Chen, Xiang-Rong and Meng, Sheng},
  journal={2D Materials},
  volume={4},
  number={2},
  pages={025032},
  year={2017},
  publisher={IOP Publishing}
}

@article{liao2020doping,
  title={Doping induced charge density wave in monolayer \ce{TiS2} and phonon-mediated superconductivity},
  author={Liao, Ji-Hai and Zhao, Yin-Chang and Zhao, Yu-Jun and Yang, Xiao-Bao and Chen, Yue},
  journal={Journal of Applied Physics},
  volume={127},
  number={4},
  pages={044301},
  year={2020},
  publisher={AIP Publishing LLC}
}

@article{nie2009suppression,
  title={Suppression of superconductivity in \ce{FeSe} films under tensile strain},
  author={Nie, YF and Brahimi, a\_ E and Budnick, JI and Hines, WA and Jain, M and Wells, BO},
  journal={Applied Physics Letters},
  volume={94},
  number={24},
  pages={242505},
  year={2009},
  publisher={American Institute of Physics}
}

@article{de1995lattice,
  title={Lattice dynamics of metals from density-functional perturbation theory},
  author={de Gironcoli, Stefano},
  journal={Physical Review B},
  volume={51},
  number={10},
  pages={6773},
  year={1995},
  publisher={APS}
}

@article{frohlich1954theory,
  title={On the theory of superconductivity: The one-dimensional case},
  author={Fr{\"o}hlich, Herbert},
  journal={Proceedings of the Royal Society of London. Series A. Mathematical and Physical Sciences},
  volume={223},
  number={1154},
  pages={296--305},
  year={1954},
  publisher={The Royal Society London}
}

@article{morel1962calculation,
  title={Calculation of the superconducting state parameters with retarded electron-phonon interaction},
  author={Morel, P and Anderson, PW},
  journal={Physical Review},
  volume={125},
  number={4},
  pages={1263},
  year={1962},
  publisher={APS}
}

@article{hart2009generating,
  title={Generating derivative structures from multilattices: Algorithm and application to hcp alloys},
  author={Hart, Gus LW and Forcade, Rodney W},
  journal={Physical Review B},
  volume={80},
  number={1},
  pages={014120},
  year={2009},
  publisher={APS}
}

@article{matthias1963superconductivity,
  title={Superconductivity},
  author={Matthias, Bernd T and Geballe, Theodore H and Compton, V B\_},
  journal={Reviews of Modern Physics},
  volume={35},
  number={1},
  pages={1},
  year={1963},
  publisher={APS}
}
